@article{lecun2015deep,
  title={Deep learning},
  author={LeCun, Yann and Bengio, Yoshua and Hinton, Geoffrey},
  journal={nature},
  volume={521},
  number={7553},
  pages={436},
  year={2015},
  publisher={Nature Publishing Group}
}

@inproceedings{deng2009imagenet,
  title={Imagenet: A large-scale hierarchical image database},
  author={Deng, Jia and Dong, Wei and Socher, Richard and Li, Li-Jia and Li, Kai and Fei-Fei, Li},
  booktitle={Computer Vision and Pattern Recognition, 2009. CVPR 2009. IEEE Conference on},
  pages={248--255},
  year={2009},
  organization={Ieee}
}

@article{hernandez2016weak,
  title={Weak supervision and other non-standard classification problems: a taxonomy},
  author={Hern{\'a}ndez-Gonz{\'a}lez, Jer{\'o}nimo and Inza, Inaki and Lozano, Jose A},
  journal={Pattern Recognition Letters},
  volume={69},
  pages={49--55},
  year={2016},
  publisher={Elsevier}
}

@article{machinery1950computing,
  title={Computing machinery and intelligence},
  author={Turing, Alan M},
  journal={Mind},
  volume={59},
  number={236},
  pages={433},
  year={1950}
}

@article{vislocky1989use,
  title={The use of perfect prog forecasts to improve model output statistics forecasts of precipitation probability},
  author={Vislocky, Robert L and Young, George S},
  journal={Weather and forecasting},
  volume={4},
  number={2},
  pages={202--209},
  year={1989}
}

@article{neter1989applied,
  title={Applied linear regression models},
  author={Neter, John and Wasserman, William and Kutner, Michael H},
  year={1989},
  publisher={Irwin Homewood, IL}
}

@article{pedregosa2011scikit,
  title={Scikit-learn: Machine learning in Python},
  author={Pedregosa, Fabian and Varoquaux, Ga{\"e}l and Gramfort, Alexandre and Michel, Vincent and Thirion, Bertrand and Grisel, Olivier and Blondel, Mathieu and Prettenhofer, Peter and Weiss, Ron and Dubourg, Vincent and others},
  journal={Journal of machine learning research},
  volume={12},
  number={Oct},
  pages={2825--2830},
  year={2011}
}

@article{bai2018empirical,
  title={An empirical evaluation of generic convolutional and recurrent networks for sequence modeling},
  author={Bai, Shaojie and Kolter, J Zico and Koltun, Vladlen},
  journal={arXiv preprint arXiv:1803.01271},
  year={2018}
}

@article{williams1989learning,
  title={A learning algorithm for continually running fully recurrent neural networks},
  author={Williams, Ronald J and Zipser, David},
  journal={Neural computation},
  volume={1},
  number={2},
  pages={270--280},
  year={1989},
  publisher={MIT Press}
}

@article{breiman1984classification,
  title={Classification and regression trees},
  author={Breiman, Leo and Friedman, Jerome H and Olshen, Richard A and Stone, Charles J},
  year={1984},
  publisher={Wadsworth \& Brooks/Cole Advanced Books \& Software}
}

@article{chapelle2009semi,
  title={Semi-supervised learning (chapelle, o. et al., eds.; 2006)[book reviews]},
  author={Chapelle, Olivier and Scholkopf, Bernhard and Zien, Alexander},
  journal={IEEE Transactions on Neural Networks},
  volume={20},
  number={3},
  pages={542--542},
  year={2009},
  publisher={IEEE}
}

@book{russell2016artificial,
  title={Artificial intelligence: a modern approach},
  author={Russell, Stuart J and Norvig, Peter},
  year={2016},
  publisher={Malaysia; Pearson Education Limited,}
}

@incollection{hastie2009unsupervised,
  title={Unsupervised learning},
  author={Hastie, Trevor and Tibshirani, Robert and Friedman, Jerome},
  booktitle={The elements of statistical learning},
  pages={485--585},
  year={2009},
  publisher={Springer}
}

@article{samuel1959some,
  title={Some studies in machine learning using the game of checkers},
  author={Samuel, Arthur L},
  journal={IBM Journal of research and development},
  volume={3},
  number={3},
  pages={210--229},
  year={1959},
  publisher={IBM}
}

@article{rasp2018deep,
  title={Deep learning to represent sub-grid processes in climate models},
  author={Rasp, Stephan and Pritchard, Michael S and Gentine, Pierre},
  journal={arXiv preprint arXiv:1806.04731},
  year={2018}
}

@article{openimages,
  title={OpenImages: A public dataset for large-scale multi-label and multi-class image classification.},
  author={Krasin, Ivan and Duerig, Tom and Alldrin, Neil and Ferrari, Vittorio and Abu-El-Haija, Sami and Kuznetsova, Alina and Rom, Hassan and Uijlings, Jasper and Popov, Stefan and Kamali, Shahab and Malloci, Matteo and Pont-Tuset, Jordi and Veit, Andreas and Belongie, Serge and Gomes, Victor and Gupta, Abhinav and Sun, Chen and Chechik, Gal and Cai, David and Feng, Zheyun and Narayanan, Dhyanesh and Murphy, Kevin},
  journal={Dataset available from https://storage.googleapis.com/openimages/web/index.html},
  year={2017}
}

@inproceedings{xingjian2015convolutional,
  title={Convolutional LSTM network: A machine learning approach for precipitation nowcasting},
  author={Xingjian, SHI and Chen, Zhourong and Wang, Hao and Yeung, Dit-Yan and Wong, Wai-Kin and Woo, Wang-chun},
  booktitle={Advances in neural information processing systems},
  pages={802--810},
  year={2015}
}

@book{breiman2017classification,
  title={Classification and regression trees},
  author={Breiman, Leo},
  year={2017},
  publisher={Routledge}
}

@inproceedings{dalal2005histograms,
  title={Histograms of oriented gradients for human detection},
  author={Dalal, Navneet and Triggs, Bill},
  booktitle={Computer Vision and Pattern Recognition, 2005. CVPR 2005. IEEE Computer Society Conference on},
  volume={1},
  pages={886--893},
  year={2005},
  organization={IEEE}
}

@article{lowe2004distinctive,
  title={Distinctive image features from scale-invariant keypoints},
  author={Lowe, David G},
  journal={International journal of computer vision},
  volume={60},
  number={2},
  pages={91--110},
  year={2004},
  publisher={Springer}
}

@inproceedings{mao2016image,
  title={Image restoration using very deep convolutional encoder-decoder networks with symmetric skip connections},
  author={Mao, Xiaojiao and Shen, Chunhua and Yang, Yu-Bin},
  booktitle={Advances in Neural Information Processing Systems},
  pages={2802--2810},
  year={2016}
}

@article{isola2017image,
  title={Image-to-image translation with conditional adversarial networks},
  author={Isola, Phillip and Zhu, Jun-Yan and Zhou, Tinghui and Efros, Alexei A},
  journal={arXiv preprint},
  year={2017}
}

@article{shallue2018identifying,
  title={Identifying Exoplanets with Deep Learning: A Five-planet Resonant Chain around Kepler-80 and an Eighth Planet around Kepler-90},
  author={Shallue, Christopher J and Vanderburg, Andrew},
  journal={The Astronomical Journal},
  volume={155},
  number={2},
  pages={94},
  year={2018},
  publisher={IOP Publishing}
}

@article{hearst1998support,
  title={Support vector machines},
  author={Hearst, Marti A. and Dumais, Susan T and Osuna, Edgar and Platt, John and Scholkopf, Bernhard},
  journal={IEEE Intelligent Systems and their applications},
  volume={13},
  number={4},
  pages={18--28},
  year={1998},
  publisher={IEEE}
}

@article{hornik1989multilayer,
  title={Multilayer feedforward networks are universal approximators},
  author={Hornik, Kurt and Stinchcombe, Maxwell and White, Halbert},
  journal={Neural networks},
  volume={2},
  number={5},
  pages={359--366},
  year={1989},
  publisher={Elsevier}
}

@article{greenspan2016guest,
  title={Guest editorial deep learning in medical imaging: Overview and future promise of an exciting new technique},
  author={Greenspan, Hayit and van Ginneken, Bram and Summers, Ronald M},
  journal={IEEE Transactions on Medical Imaging},
  volume={35},
  number={5},
  pages={1153--1159},
  year={2016},
  publisher={IEEE}
}

@inproceedings{mika1999fisher,
  title={Fisher discriminant analysis with kernels},
  author={Mika, Sebastian and Ratsch, Gunnar and Weston, Jason and Scholkopf, Bernhard and Mullers, Klaus-Robert},
  booktitle={Neural networks for signal processing IX, 1999. Proceedings of the 1999 IEEE signal processing society workshop.},
  pages={41--48},
  year={1999},
  organization={Ieee}
}

@article{baldi2014searching,
  title={Searching for exotic particles in high-energy physics with deep learning},
  author={Baldi, Pierre and Sadowski, Peter and Whiteson, Daniel},
  journal={Nature communications},
  volume={5},
  pages={4308},
  year={2014},
  publisher={Nature Publishing Group}
}


@article{breiman2001random,
  title={Random forests},
  author={Breiman, Leo},
  journal={Machine learning},
  volume={45},
  number={1},
  pages={5--32},
  year={2001},
  publisher={Springer}
}

@article{dietterich2000experimental,
  title={An experimental comparison of three methods for constructing ensembles of decision trees: Bagging, boosting, and randomization},
  author={Dietterich, Thomas G},
  journal={Machine learning},
  volume={40},
  number={2},
  pages={139--157},
  year={2000},
  publisher={Springer}
}

@article{breiman1996bagging,
  title={Bagging predictors},
  author={Breiman, Leo},
  journal={Machine learning},
  volume={24},
  number={2},
  pages={123--140},
  year={1996},
  publisher={Springer}
}

@book{quinlan1993,
  title={C4. 5: programs for machine learning},
  author={Quinlan, J Ross},
  year={1993},
  publisher={Elsevier}
}

@inproceedings{freund1999alternating,
  title={The alternating decision tree learning algorithm},
  author={Freund, Yoav and Mason, Llew},
  booktitle={icml},
  volume={99},
  pages={124--133},
  year={1999}
}

@article{hawkins2004problem,
  title={The problem of overfitting},
  author={Hawkins, Douglas M},
  journal={Journal of chemical information and computer sciences},
  volume={44},
  number={1},
  pages={1--12},
  year={2004},
  publisher={ACS Publications}
}

@article{malone1955application,
  title={Application of statistical methods in weather prediction},
  author={Malone, Thomas F},
  journal={Proceedings of the National Academy of Sciences},
  volume={41},
  number={11},
  pages={806--815},
  year={1955},
  publisher={National Acad Sciences}
}

@article{wilks2002smoothing,
  title={Smoothing forecast ensembles with fitted probability distributions},
  author={Wilks, Daniel S},
  journal={Quarterly Journal of the Royal Meteorological Society},
  volume={128},
  number={586},
  pages={2821--2836},
  year={2002},
  publisher={Wiley Online Library}
}

@article{liu2016application,
  title={Application of deep convolutional neural networks for detecting extreme weather in climate datasets},
  author={Liu, Yunjie and Racah, Evan and Correa, Joaquin and Khosrowshahi, Amir and Lavers, David and Kunkel, Kenneth and Wehner, Michael and Collins, William and others},
  journal={arXiv preprint arXiv:1605.01156},
  year={2016}
}

@article{jones2017ml,
  title={How machine learning could help to improve climate forecasts.},
  author={Jones, N},
  journal={Nature News},
  year={2017}
}

@article{kingma2013vae,
  title={Auto-encoding variational bayes},
  author={Kingma, D P and Welling, M},
  journal={arXiv preprint arXiv:1312.6114},
  year={2013}
}

@incollection{goodfellow2014gan,
title = {Generative Adversarial Nets},
author = {Goodfellow, Ian and Pouget-Abadie, Jean and Mirza, Mehdi and Xu, Bing and Warde-Farley, David and Ozair, Sherjil and Courville, Aaron and Bengio, Yoshua},
booktitle = {Advances in Neural Information Processing Systems 27},
editor = {Z. Ghahramani and M. Welling and C. Cortes and N. D. Lawrence and K. Q. Weinberger},
pages = {2672--2680},
year = {2014},
publisher = {Curran Associates, Inc.},
url = {http://papers.nips.cc/paper/5423-generative-adversarial-nets.pdf}
}

@article{fan2013mining,
  title={Mining big data: current status, and forecast to the future},
  author={Fan, Wei and Bifet, Albert},
  journal={ACM sIGKDD Explorations Newsletter},
  volume={14},
  number={2},
  pages={1--5},
  year={2013},
  publisher={ACM}
}

@article{mcgovern2017using,
  title={Using artificial intelligence to improve real-time decision-making for high-impact weather},
  author={McGovern, Amy and Elmore, Kimberly L and Gagne, David John and Haupt, Sue Ellen and Karstens, Christopher D and Lagerquist, Ryan and Smith, Travis and Williams, John K},
  journal={Bulletin of the American Meteorological Society},
  volume={98},
  number={10},
  pages={2073--2090},
  year={2017}
}

@inproceedings{szturc2007parameterisation,
  title={Parameterisation of radar precipitation quality index scheme on raingauge data},
  author={Szturc, Jan and Osrodka, K and Jurczyk, Anna},
  booktitle={Proc. 33rd International Conference on Radar Meteorology, Cairns},
  year={2007}
}

@article{gentine2018could,
  title={Could machine learning break the convection parameterization deadlock?},
  author={Gentine, Pierre and Pritchard, Mike and Rasp, Stephan and Reinaudi, Gael and Yacalis, Galen},
  journal={Geophysical Research Letters},
  year={2018},
  publisher={Wiley Online Library}
}

@article{o2018using,
  title={Using machine learning to parameterize moist convection: Potential for modeling of climate, climate change and extreme events},
  author={O'Gorman, Paul A and Dwyer, John G},
  journal={arXiv preprint arXiv:1806.11037},
  year={2018}
}

@article{messner2014heteroscedastic,
  title={Heteroscedastic extended logistic regression for postprocessing of ensemble guidance},
  author={Messner, Jakob W and Mayr, Georg J and Zeileis, Achim and Wilks, Daniel S},
  journal={Monthly Weather Review},
  volume={142},
  number={1},
  pages={448--456},
  year={2014}
}

@article{delsole2017statistical,
  title={Statistical seasonal prediction based on regularized regression},
  author={DelSole, Timothy and Banerjee, Arindam},
  journal={Journal of Climate},
  volume={30},
  number={4},
  pages={1345--1361},
  year={2017}
}

@article{herman2018money,
  title={Money Doesn't Grow on Trees, but Forecasts Do: Forecasting Extreme Precipitation with Random Forests},
  author={Herman, Gregory R and Schumacher, Russ S},
  journal={Monthly Weather Review},
  volume={146},
  number={5},
  pages={1571--1600},
  year={2018}
}

@article{key1989classification,
  title={Classification of merged AVHRR and SMMR Arctic data with neural networks},
  author={Key, J and Maslanik, JA and Schweiger, AJ},
  year={1989}
}

@article{ramos2001hierarchical,
  title={Divisive and hierarchical clustering techniques to analyse variability of rainfall distribution patterns in a Mediterranean region},
  author={Ramos, M C},
  journal={Atmospheric Research},
  volume={57},
  number={2},
  pages={123--138},
  year={2001}
}

@article{johnson2013enso,
  title={How many ENSO flavors can we distinguish?},
  author={Johnson, N C},
  journal={Journal of Climate},
  volume={26},
  number={13},
  pages={4816--4827},
  year={2013}
}

@article{camargo2007cluster,
  title={Cluster analysis of typhoon tracks. Part I: General properties},
  author={Camargo, S J, Robertson, A W, Gaffney, S J, Smyth, P, and Ghil, M},
  journal={Journal of Climate},
  volume={20},
  number={14},
  pages={3635--3653},
  year={2007}
}

@article{baldwin2005automated,
  title={Development of an automated classification procedure for rainfall systems},
  author={Baldwin, M E, Kain, J S, and Lakshmivarahan, S},
  journal={Monthly weather review},
  volume={133},
  number={4},
  pages={844--862},
  year={2005}
}

@article{liu2015wavelet,
  title={A Probabilistic Wavelet–Support Vector Regression Model for Streamflow Forecasting with Rainfall and Climate Information Input},
  author={Liu, Z, Zhou, P, and Zhang, Y},
  journal={Journal of Hydrometeorology},
  volume={16},
  number={5},
  pages={2209--2229},
  year={2015}
}

@article{wei2012wavelet,
  title={Wavelet support vector machines for forecasting precipitation in tropical cyclones: comparisons with GSVM, regression, and MM5},
  author={Wei, Chih-Chiang},
  journal={Weather and forecasting},
  volume={27},
  number={2},
  pages={438--450},
  year={2012}
}

@article{marzban2007ceiling,
  title={Ceiling and visibility forecasts via neural networks},
  author={Marzban, Caren and Leyton, Stephen and Colman, Brad},
  journal={Weather and forecasting},
  volume={22},
  number={3},
  pages={466--479},
  year={2007}
}

@article{adrianto2009support,
  title={Support vector machines for spatiotemporal tornado prediction},
  author={Adrianto, Indra and Trafalis, Theodore B and Lakshmanan, Valliappa},
  journal={International Journal of General Systems},
  volume={38},
  number={7},
  pages={759--776},
  year={2009},
  publisher={Taylor \& Francis}
}

@article{anagnostou2004convective,
  title={A convective/stratiform precipitation classification algorithm for volume scanning weather radar observations},
  author={Anagnostou, Emmanouil N},
  journal={Meteorological Applications},
  volume={11},
  number={4},
  pages={291--300},
  year={2004},
  publisher={Cambridge University Press}
}

@article{moghim2017bias,
  title={Bias correction of climate modeled temperature and precipitation using artificial neural networks},
  author={Moghim, Sanaz and Bras, Rafael L},
  journal={Journal of Hydrometeorology},
  volume={18},
  number={7},
  pages={1867--1884},
  year={2017}
}

@article{bankert1994cloud,
  title={Cloud classification of AVHRR imagery in maritime regions using a probabilistic neural network},
  author={Bankert, Richard L},
  journal={Journal of Applied Meteorology},
  volume={33},
  number={8},
  pages={909--918},
  year={1994}
}

@article{marzban1996neural,
  title={A neural network for tornado prediction based on Doppler radar-derived attributes},
  author={Marzban, Caren and Stumpf, Gregory J},
  journal={Journal of applied meteorology},
  volume={35},
  number={5},
  pages={617--626},
  year={1996}
}

@inproceedings{williams2008remote,
  title={Remote detection and diagnosis of thunderstorm turbulence},
  author={Williams, John K and Sharman, Robert and Craig, Jason and Blackburn, Gary},
  booktitle={Remote sensing applications for aviation weather hazard detection and decision support},
  volume={7088},
  pages={708804},
  year={2008},
  organization={International Society for Optics and Photonics}
}

@article{chisholm1968diagnosis,
  title={The diagnosis of upper-level humidity},
  author={Chisholm, Donald A and Ball, John T and Veigas, Keith W and Luty, Paul V},
  journal={Journal of Applied Meteorology},
  volume={7},
  number={4},
  pages={613--619},
  year={1968}
}

@article{godfrey2010empirical,
  title={An empirical latent heat flux parameterization for the Noah land surface model},
  author={Godfrey, Christopher M and Stensrud, David J},
  journal={Journal of Applied Meteorology and Climatology},
  volume={49},
  number={8},
  pages={1696--1713},
  year={2010}
}

@article{hofer2017evaluating,
  title={Evaluating predictor strategies for regression-based downscaling with a focus on glacierized mountain environments},
  author={Hofer, Marlis and Nemec, Johanna and Cullen, Nicolas J and Weber, Markus},
  journal={Journal of Applied Meteorology and Climatology},
  volume={56},
  number={6},
  pages={1707--1729},
  year={2017}
}

@article{delsole2013scale,
  title={Scale-selective ridge regression for multimodel forecasting},
  author={DelSole, Timothy and Jia, Liwei and Tippett, Michael K},
  journal={Journal of Climate},
  volume={26},
  number={20},
  pages={7957--7965},
  year={2013}
}

@article{hodyss2013square,
  title={Square root and perturbed observation ensemble generation techniques in Kalman and quadratic ensemble filtering algorithms},
  author={Hodyss, Daniel and Campbell, William F},
  journal={Monthly Weather Review},
  volume={141},
  number={7},
  pages={2561--2573},
  year={2013}
}

@article{kravtsov2005multilevel,
  title={Multilevel regression modeling of nonlinear processes: Derivation and applications to climatic variability},
  author={Kravtsov, S and Kondrashov, D and Ghil, M},
  journal={Journal of Climate},
  volume={18},
  number={21},
  pages={4404--4424},
  year={2005}
}

@article{mcgovern2017using,
  title={Using artificial intelligence to improve real-time decision-making for high-impact weather},
  author={McGovern, Amy and Elmore, Kimberly L and Gagne, David John and Haupt, Sue Ellen and Karstens, Christopher D and Lagerquist, Ryan and Smith, Travis and Williams, John K},
  journal={Bulletin of the American Meteorological Society},
  volume={98},
  number={10},
  pages={2073--2090},
  year={2017}
}

@article{friederichs2007statistical,
  title={Statistical downscaling of extreme precipitation events using censored quantile regression},
  author={Friederichs, P and Hense, A},
  journal={Monthly weather review},
  volume={135},
  number={6},
  pages={2365--2378},
  year={2007}
}

@article{kitzmiller1995wsr,
  title={The WSR-88D severe weather potential algorithm},
  author={Kitzmiller, David H and McGovern, Wayne E and Saffle, Robert F},
  journal={Weather and forecasting},
  volume={10},
  number={1},
  pages={141--159},
  year={1995}
}

@article{mecikalski2015probabilistic,
  title={Probabilistic 0--1-h convective initiation nowcasts that combine geostationary satellite observations and numerical weather prediction model data},
  author={Mecikalski, John R and Williams, John K and Jewett, Christopher P and Ahijevych, David and LeRoy, Anita and Walker, John R},
  journal={Journal of Applied Meteorology and Climatology},
  volume={54},
  number={5},
  pages={1039--1059},
  year={2015}
}

@article{billet1997use,
  title={Use of regression techniques to predict hail size and the probability of large hail},
  author={Billet, John and DeLisi, Mark and Smith, Brian G and Gates, Cory},
  journal={Weather and Forecasting},
  volume={12},
  number={1},
  pages={154--164},
  year={1997}
}

@book{kalnay2003atmospheric,
  title={Atmospheric modeling, data assimilation and predictability},
  author={Kalnay, Eugenia},
  year={2003},
  publisher={Cambridge university press}
}

@article{glahn1972use,
  title={The use of model output statistics (MOS) in objective weather forecasting},
  author={Glahn, Harry R and Lowry, Dale A},
  journal={Journal of applied meteorology},
  volume={11},
  number={8},
  pages={1203--1211},
  year={1972}
}

@article{klein1959objective,
  title={Objective prediction of five-day mean temperatures during winter},
  author={Klein, William H and Lewis, Billy M and Enger, Isadore},
  journal={Journal of Meteorology},
  volume={16},
  number={6},
  pages={672--682},
  year={1959}
}

@article{marzban2006mos,
  title={MOS, perfect prog, and reanalysis},
  author={Marzban, Caren and Sandgathe, Scott and Kalnay, Eugenia},
  journal={Monthly weather review},
  volume={134},
  number={2},
  pages={657--663},
  year={2006}
}

@article{wilks1995forecast,
  title={Forecast verification},
  author={Wilks, DS},
  journal={Statistical methods in the atmospheric sciences},
  year={1995},
  publisher={Academic Press}
}

@article{ahijevych2009application,
  title={Application of spatial verification methods to idealized and NWP-gridded precipitation forecasts},
  author={Ahijevych, David and Gilleland, Eric and Brown, Barbara G and Ebert, Elizabeth E},
  journal={Weather and Forecasting},
  volume={24},
  number={6},
  pages={1485--1497},
  year={2009}
}

@misc{copernicus,
  title = {{Copernicus} Europe's eyes on Earth},
  howpublished = {\url{http://www.copernicus.eu/}},
  note = {Accessed: 2018-05-01}
}

@article{wald1999some,
  title={Some terms of reference in data fusion},
  author={Wald, Lucien},
  journal={IEEE Transactions on geoscience and remote sensing},
  volume={37},
  number={3},
  pages={1190--1193},
  year={1999},
  publisher={IEEE}
}

@incollection{rossa2008overview,
  title={Overview of methods for the verification of quantitative precipitation forecasts},
  author={Rossa, Andrea and Nurmi, Pertti and Ebert, Elizabeth},
  booktitle={Precipitation: Advances in measurement, estimation and prediction},
  pages={419--452},
  year={2008},
  publisher={Springer}
}

@article{richardson1922weather,
  title={Weather Prediction by Numerical Process},
  author={Richardson, LF},
  year={1922},
  publisher={Cambridge University}
}

@article{charney1950numerical,
  title={Numerical integration of the barotropic vorticity equation},
  author={Charney, Jules G and Fj{\"o}rtoft, Ragnar and Neumann, J von},
  journal={Tellus},
  volume={2},
  number={4},
  pages={237--254},
  year={1950},
  publisher={Taylor \& Francis}
}

@book{gropp1999using,
  title={Using MPI: portable parallel programming with the message-passing interface},
  author={Gropp, William D and Gropp, William and Lusk, Ewing and Skjellum, Anthony},
  volume={1},
  year={1999},
  publisher={MIT press}
}

@article{rozas2014method,
  title={A method for wind speed forecasting in airports based on nonparametric regression},
  author={Rozas-Larraondo, Pablo and Inza, I{\~n}aki and Lozano, Jose A},
  journal={Weather and Forecasting},
  volume={29},
  number={6},
  pages={1332--1342},
  year={2014}
}

@inproceedings{zhou2016learning,
  title={Learning deep features for discriminative localization},
  author={Zhou, Bolei and Khosla, Aditya and Lapedriza, Agata and Oliva, Aude and Torralba, Antonio},
  booktitle={Proceedings of the IEEE Conference on Computer Vision and Pattern Recognition},
  pages={2921--2929},
  year={2016}
}

@proceedings{larraondo2017cnn,
  title={Automating weather forecasts based on convolutional networks},
  author={Larraondo, Pablo Rozas and Inza, I{\~n}aki and Lozano, Jose A},
  journal={Proceedings of the ICML 17 Workshop on Deep Structured Prediction, Sydney, Australia, PMLR 70},
  year={2017}
}

@article{larraondo2018system,
  title={A system for airport weather forecasting based on circular regression trees},
  author={Larraondo, Pablo Rozas and Inza, I{\~n}aki and Lozano, Jose A},
  journal={Environmental Modelling \& Software},
  volume={100},
  pages={24--32},
  year={2018},
  publisher={Elsevier}
}

@inproceedings{rew2006netcdf,
  title={NetCDF-4: Software implementing an enhanced data model for the geosciences},
  author={Rew, R and Hartnett, E and Caron, J and others},
  booktitle={22nd International Conference on Interactive Information Processing Systems for Meteorology, Oceanograph, and Hydrology},
  year={2006}
}

@inproceedings{folk2011overview,
  title={An overview of the HDF5 technology suite and its applications},
  author={Folk, Mike and Heber, Gerd and Koziol, Quincey and Pourmal, Elena and Robinson, Dana},
  booktitle={Proceedings of the EDBT/ICDT 2011 Workshop on Array Databases},
  pages={36--47},
  year={2011},
  organization={ACM}
}

@inproceedings{evans2015nci,
  title={The NCI high performance computing and high performance data platform to support the analysis of petascale environmental data collections},
  author={Evans, Ben and Wyborn, Lesley and Pugh, Tim and Allen, Chris and Antony, Joseph and Gohar, Kashif and Porter, David and Smillie, Jon and Trenham, Claire and Wang, Jingbo and others},
  booktitle={International Symposium on Environmental Software Systems},
  pages={569--577},
  year={2015},
  organization={Springer}
}

@article{taylor2012overview,
  title={An overview of CMIP5 and the experiment design},
  author={Taylor, Karl E and Stouffer, Ronald J and Meehl, Gerald A},
  journal={Bulletin of the American Meteorological Society},
  volume={93},
  number={4},
  pages={485--498},
  year={2012},
  publisher={American Meteorological Society}
}

@article{dee2011era,
  title={The ERA-Interim reanalysis: Configuration and performance of the data assimilation system},
  author={Dee, Dick P and Uppala, S Mꎬ and Simmons, AJ and Berrisford, Paul and Poli, P and Kobayashi, S and Andrae, U and Balmaseda, MA and Balsamo, G and Bauer, d P and others},
  journal={Quarterly Journal of the royal meteorological society},
  volume={137},
  number={656},
  pages={553--597},
  year={2011},
  publisher={Wiley Online Library}
}

@article{burgers1998analysis,
  title={Analysis scheme in the ensemble Kalman filter},
  author={Burgers, Gerrit and Jan van Leeuwen, Peter and Evensen, Geir},
  journal={Monthly weather review},
  volume={126},
  number={6},
  pages={1719--1724},
  year={1998}
}

@article{courtier1994strategy,
  title={A strategy for operational implementation of 4D-Var, using an incremental approach},
  author={Courtier, PHILIPPE and Th{\'e}paut, J-N and Hollingsworth, Anthony},
  journal={Quarterly Journal of the Royal Meteorological Society},
  volume={120},
  number={519},
  pages={1367--1387},
  year={1994},
  publisher={Wiley Online Library}
}

@article{dagum1998openmp,
  title={OpenMP: an industry standard API for shared-memory programming},
  author={Dagum, Leonardo and Menon, Ramesh},
  journal={IEEE computational science and engineering},
  volume={5},
  number={1},
  pages={46--55},
  year={1998},
  publisher={IEEE}
}

@article{peng2017review,
  title={A review of spatial downscaling of satellite remotely sensed soil moisture},
  author={Peng, Jian and Loew, Alexander and Merlin, Olivier and Verhoest, Niko EC},
  journal={Reviews of Geophysics},
  volume={55},
  number={2},
  pages={341--366},
  year={2017},
  publisher={Wiley Online Library}
}

@article{molteni1996ecmwf,
  title={The ECMWF ensemble prediction system: Methodology and validation},
  author={Molteni, Franco and Buizza, Roberto and Palmer, Tim N and Petroliagis, Thomas},
  journal={Quarterly journal of the royal meteorological society},
  volume={122},
  number={529},
  pages={73--119},
  year={1996},
  publisher={Wiley Online Library}
}

@article{taylor2002neural,
  title={Neural network load forecasting with weather ensemble predictions},
  author={Taylor, James W and Buizza, Roberto},
  journal={IEEE Transactions on Power systems},
  volume={17},
  number={3},
  pages={626--632},
  year={2002},
  publisher={IEEE}
}

@book{vasquez2009weather,
  title={Weather Forecasting Red Book: Forecasting Techniques for Meteorology},
  author={Vasquez, Tim},
  year={2009},
  publisher={Weather Graphics Technologies}
}

@article{gneiting2005weather,
  title={Weather forecasting with ensemble methods},
  author={Gneiting, Tilmann and Raftery, Adrian E},
  journal={Science},
  volume={310},
  number={5746},
  pages={248--249},
  year={2005},
  publisher={American Association for the Advancement of Science}
}

@article{foley2012current,
  title={Current methods and advances in forecasting of wind power generation},
  author={Foley, Aoife M and Leahy, Paul G and Marvuglia, Antonino and McKeogh, Eamon J},
  journal={Renewable Energy},
  volume={37},
  number={1},
  pages={1--8},
  year={2012},
  publisher={Elsevier}
}

@article{aznarte2017dynamic,
  title={Dynamic line rating using numerical weather predictions and machine learning: a case study},
  author={Aznarte, Jos{\'e} L and Siebert, Nils},
  journal={IEEE Transactions on Power Delivery},
  volume={32},
  number={1},
  pages={335--343},
  year={2017},
  publisher={IEEE}
}

@article{buehner2010intercomparison,
  title={Intercomparison of variational data assimilation and the ensemble Kalman filter for global deterministic NWP. Part II: One-month experiments with real observations},
  author={Buehner, Mark and Houtekamer, PL and Charette, Cecilien and Mitchell, Herschel L and He, Bin},
  journal={Monthly Weather Review},
  volume={138},
  number={5},
  pages={1567--1586},
  year={2010}
}

@inproceedings{karpathy2015deep,
  title={Deep visual-semantic alignments for generating image descriptions},
  author={Karpathy, Andrej and Fei-Fei, Li},
  booktitle={Proceedings of the IEEE Conference on Computer Vision and Pattern Recognition},
  pages={3128--3137},
  year={2015}
}

@inproceedings{shi2017deep,
  title={Deep Learning for Precipitation Nowcasting: A Benchmark and A New Model},
  author={Shi, Xingjian and Gao, Zhihan and Lausen, Leonard and Wang, Hao and Yeung, Dit-Yan and Wong, Wai-kin and Woo, Wang-chun},
  booktitle={Advances in Neural Information Processing Systems},
  pages={5622--5632},
  year={2017}
}

@article{medsker2001recurrent,
  title={Recurrent neural networks},
  author={Medsker, LR and Jain, LC},
  journal={Design and Applications},
  volume={5},
  year={2001},
  publisher={Citeseer}
}

@article{bowler2006steps,
  title={STEPS: A probabilistic precipitation forecasting scheme which merges an extrapolation nowcast with downscaled NWP},
  author={Bowler, Neill E and Pierce, Clive E and Seed, Alan W},
  journal={Quarterly Journal of the Royal Meteorological Society},
  volume={132},
  number={620},
  pages={2127--2155},
  year={2006},
  publisher={Wiley Online Library}
}

@article{raible1999statistical,
  title={Statistical single-station short-term forecasting of temperature and probability of precipitation: Area interpolation and NWP combination},
  author={Raible, Christoph C and Bischof, Georg and Fraedrich, Klaus and Kirk, Edilbert},
  journal={Weather and forecasting},
  volume={14},
  number={2},
  pages={203--214},
  year={1999}
}

@article{huffman1995global,
  title={Global precipitation estimates based on a technique for combining satellite-based estimates, rain gauge analysis, and NWP model precipitation information},
  author={Huffman, George J and Adler, Robert F and Rudolf, Bruno and Schneider, Udo and Keehn, Peter R},
  journal={Journal of Climate},
  volume={8},
  number={5},
  pages={1284--1295},
  year={1995}
}

@article{rozas2014method,
  title={A method for wind speed forecasting in airports based on nonparametric regression},
  author={Rozas-Larraondo, Pablo and Inza, I{\~n}aki and Lozano, Jose A},
  journal={Weather and Forecasting},
  volume={29},
  number={6},
  pages={1332--1342},
  year={2014}
}

@article{foley2012current,
  title={Current methods and advances in forecasting of wind power generation},
  author={Foley, Aoife M and Leahy, Paul G and Marvuglia, Antonino and McKeogh, Eamon J},
  journal={Renewable Energy},
  volume={37},
  number={1},
  pages={1--8},
  year={2012},
  publisher={Elsevier}
}

@article{mallet2009ozone,
  title={Ozone ensemble forecast with machine learning algorithms},
  author={Mallet, Vivien and Stoltz, Gilles and Mauricette, Boris},
  journal={Journal of Geophysical Research: Atmospheres},
  volume={114},
  number={D5},
  year={2009},
  publisher={Wiley Online Library}
}

@article{renzullo2016improved,
  title={Improved large-scale hydrological modelling through the assimilation of streamflow and downscaled satellite soil moisture observations},
  author={Renzullo, Luigi J and Sutanudjaja, Edwin H and Bierkens, Marc FP},
  journal={Hydrology and Earth System Sciences},
  volume={20},
  number={7},
  pages={3059},
  year={2016},
  publisher={Copernicus GmbH}
}

@article{giebel2011state,
  title={The state-of-the-art in short-term prediction of wind power: A literature overview},
  author={Giebel, Gregor and Brownsword, Richard and Kariniotakis, George and Denhard, Michael and Draxl, Caroline},
  journal={ANEMOS. plus},
  year={2011}
}

@article{goldston2008big,
  title={Big data: Data wrangling},
  author={Goldston, David},
  journal={Nature News},
  volume={455},
  number={7209},
  pages={15--15},
  year={2008},
  publisher={Nature Publishing Group}
}

@article{gorelick2017google,
  title={Google Earth Engine: Planetary-scale geospatial analysis for everyone},
  author={Gorelick, Noel and Hancher, Matt and Dixon, Mike and Ilyushchenko, Simon and Thau, David and Moore, Rebecca},
  journal={Remote Sensing of Environment},
  volume={202},
  pages={18--27},
  year={2017},
  publisher={Elsevier}
}

@misc{earthaws,
  title = {Earth on AWS},
  howpublished = {\url{https://aws.amazon.com/earth/}},
  note = {Accessed: 2018-05-01}
}

@misc{cloudai,
  title = {Cloud AI},
  howpublished = {\url{https://cloud.google.com/products/machine-learning/}},
  note = {Accessed: 2018-05-01}
}

@misc{awsml,
  title = {AWS Machine Learning},
  howpublished = {\url{https://aws.amazon.com/machine-learning/}},
  note = {Accessed: 2018-05-01}
}

@article{bengio2013representation,
  title={Representation learning: A review and new perspectives},
  author={Bengio, Yoshua and Courville, Aaron and Vincent, Pascal},
  journal={IEEE transactions on pattern analysis and machine intelligence},
  volume={35},
  number={8},
  pages={1798--1828},
  year={2013},
  publisher={IEEE}
}

@inproceedings{taskar2005learning,
  title={Learning structured prediction models: A large margin approach},
  author={Taskar, Ben and Chatalbashev, Vassil and Koller, Daphne and Guestrin, Carlos},
  booktitle={Proceedings of the 22nd international conference on Machine learning},
  pages={896--903},
  year={2005},
  organization={ACM}
}

@inproceedings{gupta2010estimating,
  title={Estimating spatial layout of rooms using volumetric reasoning about objects and surfaces},
  author={Gupta, Abhinav and Hebert, Martial and Kanade, Takeo and Blei, David M},
  booktitle={Advances in neural information processing systems},
  pages={1288--1296},
  year={2010}
}

@inproceedings{tran2012max,
  title={Max-margin structured output regression for spatio-temporal action localization},
  author={Tran, Du and Yuan, Junsong},
  booktitle={Advances in neural information processing systems},
  pages={350--358},
  year={2012}
}

@article{stram1986temporal,
  title={Temporal aggregation in the ARIMA process},
  author={Stram, Daniel O and Wei, William WS},
  journal={Journal of Time Series Analysis},
  volume={7},
  number={4},
  pages={279--292},
  year={1986},
  publisher={Wiley Online Library}
}

@article{zhang2003time,
  title={Time series forecasting using a hybrid ARIMA and neural network model},
  author={Zhang, G Peter},
  journal={Neurocomputing},
  volume={50},
  pages={159--175},
  year={2003},
  publisher={Elsevier}
}

@article{medsker2001recurrent,
  title={Recurrent neural networks},
  author={Medsker, LR and Jain, LC},
  journal={Design and Applications},
  volume={5},
  year={2001},
  publisher={Citeseer}
}

@article{gers1999learning,
  title={Learning to forget: Continual prediction with LSTM},
  author={Gers, Felix A and Schmidhuber, J{\"u}rgen and Cummins, Fred},
  year={1999},
  publisher={IET}
}

@article{cho2014learning,
  title={Learning phrase representations using RNN encoder-decoder for statistical machine translation},
  author={Cho, Kyunghyun and Van Merri{\"e}nboer, Bart and Gulcehre, Caglar and Bahdanau, Dzmitry and Bougares, Fethi and Schwenk, Holger and Bengio, Yoshua},
  journal={arXiv preprint arXiv:1406.1078},
  year={2014}
}

@incollection{guyon2006introduction,
  title={An introduction to feature extraction},
  author={Guyon, Isabelle and Elisseeff, Andr{\'e}},
  booktitle={Feature extraction},
  pages={1--25},
  year={2006},
  publisher={Springer}
}

@article{blum1997selection,
  title={Selection of relevant features and examples in machine learning},
  author={Blum, Avrim L and Langley, Pat},
  journal={Artificial intelligence},
  volume={97},
  number={1-2},
  pages={245--271},
  year={1997},
  publisher={Elsevier}
}

@inproceedings{krizhevsky2012imagenet,
  title={Imagenet classification with deep convolutional neural networks},
  author={Krizhevsky, Alex and Sutskever, Ilya and Hinton, Geoffrey E},
  booktitle={Advances in neural information processing systems},
  pages={1097--1105},
  year={2012}
}

@article{ruiz2011high,
  title={A high-resolution topographic correction method for clear-sky solar irradiance derived with a numerical weather prediction model},
  author={Ruiz-Arias, Jos{\'e} A and Pozo-V{\'a}zquez, David and Lara-Fanego, Vicente and Santos-Alamillos, Francisco J and Tovar-Pescador, J},
  journal={Journal of Applied Meteorology and Climatology},
  volume={50},
  number={12},
  pages={2460--2472},
  year={2011}
}

@article{lorenz1982atmospheric,
  title={Atmospheric predictability experiments with a large numerical model},
  author={Lorenz, EN},
  journal={Tellus},
  volume={34},
  number={6},
  pages={505--513},
  year={1982},
  publisher={Wiley Online Library}
}

@article{courtier1994strategy,
  title={A strategy for operational implementation of 4D-Var, using an incremental approach},
  author={Courtier, PHILIPPE and Th{\'e}paut, J-N and Hollingsworth, Anthony},
  journal={Quarterly Journal of the Royal Meteorological Society},
  volume={120},
  number={519},
  pages={1367--1387},
  year={1994},
  publisher={Wiley Online Library}
}

@article{delage1997parameterising,
  title={Parameterising sub-grid scale vertical transport in atmospheric models under statically stable conditions},
  author={Delage, Yves},
  journal={Boundary-Layer Meteorology},
  volume={82},
  number={1},
  pages={23--48},
  year={1997},
  publisher={Springer}
}

@article{milton1996impact,
  title={The impact of parameterized subgrid-scale orographic forcing on systematic errors in a global NWP model},
  author={Milton, SF and Wilson, CA},
  journal={Monthly weather review},
  volume={124},
  number={9},
  pages={2023--2045},
  year={1996}
}

@article{kimura2002numerical,
  title={Numerical weather prediction},
  author={Kimura, Ryuji},
  journal={Journal of Wind Engineering and Industrial Aerodynamics},
  volume={90},
  number={12-15},
  pages={1403--1414},
  year={2002},
  publisher={Elsevier}
}

@article{lund2002tree,
  title={Tree-based regression for a circular response},
  author={Lund, Ulric J},
  journal={Communications in Statistics-Theory and Methods},
  volume={31},
  number={9},
  pages={1549--1560},
  year={2002},
  publisher={Taylor \& Francis}
}

@article{hinton2006reducing,
  title={Reducing the dimensionality of data with neural networks},
  author={Hinton, Geoffrey E and Salakhutdinov, Ruslan R},
  journal={science},
  volume={313},
  number={5786},
  pages={504--507},
  year={2006},
  publisher={American Association for the Advancement of Science}
}

@inproceedings{long2015fully,
  title={Fully convolutional networks for semantic segmentation},
  author={Long, Jonathan and Shelhamer, Evan and Darrell, Trevor},
  booktitle={Proceedings of the IEEE conference on computer vision and pattern recognition},
  pages={3431--3440},
  year={2015}
}

@article{badrinarayanan2017segnet,
  title={Segnet: A deep convolutional encoder-decoder architecture for image segmentation},
  author={Badrinarayanan, Vijay and Kendall, Alex and Cipolla, Roberto},
  journal={IEEE transactions on pattern analysis and machine intelligence},
  volume={39},
  number={12},
  pages={2481--2495},
  year={2017},
  publisher={IEEE}
}

@inproceedings{ronneberger2015u,
  title={U-net: Convolutional networks for biomedical image segmentation},
  author={Ronneberger, Olaf and Fischer, Philipp and Brox, Thomas},
  booktitle={International Conference on Medical image computing and computer-assisted intervention},
  pages={234--241},
  year={2015},
  organization={Springer}
}
